@article{tumer2004survey,
  title={A survey of collectives},
  author={Tumer, Kagan and Wolpert, David},
  journal={Collectives and the design of complex systems},
  pages={1--42},
  year={2004},
  publisher={Springer}
}

@inproceedings{schmeck2011organic,
  title={Organic Computing--A Generic Approach to Controlled Self-organization in Adaptive Systems},
  author={Schmeck, Hartmut},
  booktitle={Multiagent System Technologies: 9th German Conference, MATES 2011, Berlin, Germany, October 6-7, 2011. Proceedings 9},
  pages={2--2},
  year={2011},
  organization={Springer}
}

@article{zedadra2019swarm,
  title={Swarm intelligence and IoT-based smart cities: a review},
  author={Zedadra, Ouarda and Guerrieri, Antonio and Jouandeau, Nicolas and Spezzano, Giandomenico and Seridi, Hamid and Fortino, Giancarlo},
  journal={The internet of things for smart urban ecosystems},
  pages={177--200},
  year={2019},
  publisher={Springer}
}

@article{brambilla2013swarm,
  title={Swarm robotics: a review from the swarm engineering perspective},
  author={Brambilla, Manuele and Ferrante, Eliseo and Birattari, Mauro and Dorigo, Marco},
  journal={Swarm Intelligence},
  volume={7},
  pages={1--41},
  year={2013},
  publisher={Springer}
}

@article{uslu2023role,
  title={The role of MAS interoperability for IoT applications: A survey on recent advances in manufacturing systems},
  author={Uslu, Banu Calis and Agent, Multi-Agent},
  journal={Journal of the Faculty of Engineering and Architecture of Gazi University},
  volume={38},
  number={2},
  pages={1279--1297},
  year={2023},
  publisher={GAZI UNIV, FAC ENGINEERING ARCHITECTURE BAYAR BULVARI, MALTEPE, ANKARA~â€¦}
}

@inproceedings{viroli2018field,
  title={From field-based coordination to aggregate computing},
  author={Viroli, Mirko and Beal, Jacob and Damiani, Ferruccio and Audrito, Giorgio and Casadei, Roberto and Pianini, Danilo},
  booktitle={Coordination Models and Languages: COORDINATION 2018},
  year={2018},
  organization={Springer}
}

@ARTICLE{4445757,
  author={Busoniu, Lucian and Babuska, Robert and De Schutter, Bart},
  journal={IEEE Transactions on Systems, Man, and Cybernetics, Part C (Applications and Reviews)}, 
  title={A Comprehensive Survey of Multiagent Reinforcement Learning}, 
  year={2008},
  volume={38},
  number={2},
  pages={156-172},
  doi={10.1109/TSMCC.2007.913919}}

  @ARTICLE{9046288,
  author={Wu, Zonghan and Pan, Shirui and Chen, Fengwen and Long, Guodong and Zhang, Chengqi and Yu, Philip S.},
  journal={IEEE Transactions on Neural Networks and Learning Systems}, 
  title={A Comprehensive Survey on Graph Neural Networks}, 
  year={2021},
  volume={32},
  number={1},
  pages={4-24},
  doi={10.1109/TNNLS.2020.2978386}}

  @article{viroli2016higher,
  title={A higher-order calculus of computational fields},
  author={Viroli, Mirko and Audrito, Giorgio and Damiani, Ferruccio and Pianini, Danilo and Beal, Jacob},
  journal={arXiv preprint arXiv:1610.08116},
  year={2016}
}

@article{mamei2004cofields,
  title={Cofields: a physically inspired approach to motion coordination},
  author={Mamei, Marco and Zambonelli, Franco and Leonardi, Letizia},
  journal={IEEE Pervasive Computing},
  volume={3},
  number={2},
  pages={52--61},
  year={2004},
  publisher={IEEE}
}

@article{viroli2019distributed,
  title={From distributed coordination to field calculus and aggregate computing},
  author={Viroli, Mirko and Beal, Jacob and Damiani, Ferruccio and Audrito, Giorgio and Casadei, Roberto and Pianini, Danilo},
  journal={Journal of Logical and Algebraic Methods in Programming},
  volume={109},
  pages={100486},
  year={2019},
  publisher={Elsevier}
}

@article{casadei2022scafi,
  title={Scafi: A scala DSL and toolkit for aggregate programming},
  author={Casadei, Roberto and Viroli, Mirko and Aguzzi, Gianluca and Pianini, Danilo},
  journal={SoftwareX},
  volume={20},
  pages={101248},
  year={2022},
  publisher={Elsevier}
}

@article{alchemist,
  doi = {10.1057/jos.2012.27},
  url = {https://doi.org/10.1057/jos.2012.27},
  year = {2013},
  month = aug,
  publisher = {Informa {UK} Limited},
  volume = {7},
  number = {3},
  pages = {202--215},
  author = {D Pianini and S Montagna and M Viroli},
  title = {Chemical-oriented simulation of computational systems with {ALCHEMIST}},
  journal = {Journal of Simulation}
}

@article{mnih2013playing,
  title={Playing atari with deep reinforcement learning},
  author={Mnih, Volodymyr and Kavukcuoglu, Koray and Silver, David and Graves, Alex and Antonoglou, Ioannis and Wierstra, Daan and Riedmiller, Martin},
  journal={arXiv preprint arXiv:1312.5602},
  year={2013}
}

@article{schulman2017proximal,
  title={Proximal policy optimization algorithms},
  author={Schulman, John and Wolski, Filip and Dhariwal, Prafulla and Radford, Alec and Klimov, Oleg},
  journal={arXiv preprint arXiv:1707.06347},
  year={2017}
}

@article{dayan1992q,
  title={Q-learning},
  author={Dayan, Peter and Watkins, CJCH},
  journal={Machine learning},
  volume={8},
  number={3},
  pages={279--292},
  year={1992}
}

@incollection{kreps1989nash,
  title={Nash equilibrium},
  author={Kreps, David M},
  booktitle={Game Theory},
  pages={167--177},
  year={1989},
  publisher={Springer}
}

@InProceedings{scarlib,
author={Domini, Davide
and Cavallari, Filippo
and Aguzzi, Gianluca
and Viroli, Mirko},
editor={Jongmans, Sung-Shik
and Lopes, Ant{\'o}nia},
title={ScaRLib: A Framework for Cooperative Many Agent Deep Reinforcement Learning in Scala},
booktitle={Coordination Models and Languages},
year={2023},
publisher={Springer Nature Switzerland},
abstract={Multi Agent Reinforcement Learning (MARL) is an emerging field in machine learning where multiple agents learn, simultaneously and in a shared environment, how to optimise a global or local reward signal. MARL has gained significant interest in recent years due to its successful applications in various domains, such as robotics, IoT, and traffic control. Cooperative Many Agent Reinforcement Learning (CMARL) is a relevant subclass of MARL, where thousands of agents work together to achieve a common coordination goal.}
}